@article{cheng2014impact,
  title={Impact of diurnal temperature range on human health: a systematic review},
  author={Cheng, Jian and Xu, Zhiwei and Zhu, Rui and Wang, Xu and Jin, Liu and Song, Jian and Su, Hong},
  journal={International journal of biometeorology},
  volume={58},
  pages={2011--2024},
  year={2014},
  publisher={Springer}
}